<record><leader>00000cas a2200000 a 4500</leader><controlfield tag="001">12190428</controlfield><controlfield tag="008">850624d18261837tnuir ne      0    0eng c</controlfield><datafield ind1=" " ind2=" " tag="010"><subfield code="a">sn 85033693 </subfield></datafield><datafield ind1=" " ind2=" " tag="040"><subfield code="a">NPU</subfield><subfield code="b">eng</subfield><subfield code="c">NPU</subfield><subfield code="d">NPY</subfield><subfield code="d">DLC</subfield><subfield code="d">NPX</subfield><subfield code="d">KNP</subfield><subfield code="d">CNK</subfield><subfield code="d">CNW</subfield><subfield code="d">TGN</subfield><subfield code="d">OCL</subfield><subfield code="d">DLC</subfield><subfield code="d">NVF</subfield><subfield code="d">DLC</subfield><subfield code="d">OCLCQ</subfield><subfield code="d">OCLCA</subfield><subfield code="d">OCLCF</subfield><subfield code="d">CUS</subfield></datafield><datafield ind1=" " ind2=" " tag="042"><subfield code="a">pcc</subfield></datafield><datafield ind1=" " ind2=" " tag="043"><subfield code="a">n-us-tn</subfield></datafield><datafield ind1="0" ind2="0" tag="050"><subfield code="a">Newspaper</subfield></datafield><datafield ind1="1" ind2="4" tag="050"><subfield code="a">AN</subfield></datafield><datafield ind1="0" ind2=" " tag="130"><subfield code="a">National banner and Nashville Whig (Nashville, Tenn. : Semiweekly)</subfield></datafield><datafield ind1="1" ind2="0" tag="245"><subfield code="a">National banner and Nashville Whig.</subfield></datafield><datafield ind1=" " ind2=" " tag="260"><subfield code="a">Nashville [Tenn.] :</subfield><subfield code="b">John S. Simpson,</subfield><subfield code="c">1826-1837.</subfield></datafield><datafield ind1=" " ind2=" " tag="300"><subfield code="a">v.</subfield></datafield><datafield ind1=" " ind2=" " tag="310"><subfield code="a">Triweekly,</subfield><subfield code="b">1830-1837</subfield></datafield><datafield ind1=" " ind2=" " tag="321"><subfield code="a">Semiweekly,</subfield><subfield code="b">1826-1830</subfield></datafield><datafield ind1="0" ind2=" " tag="362"><subfield code="a">Vol. 14, no. 38 (May 3,1826)-v. 25, no. 1770 (Aug. 21, 1837).</subfield></datafield><datafield ind1=" " ind2=" " tag="500"><subfield code="a">Publishers: John S. Simpson, 1826-1830; Hunt, Tariff &amp; Co., 1830-1833; W. Hasell Hunt &amp; Co., 1833-1837.</subfield></datafield><datafield ind1=" " ind2=" " tag="500"><subfield code="a">Editor: George C. Childress, &lt;1835&gt;.</subfield></datafield><datafield ind1=" " ind2=" " tag="530"><subfield code="a">Also issued on microfilm from the Library of Congress, Photoduplication Service.</subfield></datafield><datafield ind1=" " ind2=" " tag="580"><subfield code="a">Daily ed.: National banner and Nashville daily advertiser, 1832-1833.</subfield></datafield><datafield ind1=" " ind2=" " tag="580"><subfield code="a">Weekly eds.: National banner and Nashville Whig (Nashville, Tenn. : Weekly), &lt;1826&gt;-1829, and: National banner (Nashville, Tenn. : 1829 : Weekly), 1829-1837.</subfield></datafield><datafield ind1=" " ind2="0" tag="651"><subfield code="a">Davidson County (Tenn.)</subfield><subfield code="v">Newspapers.</subfield></datafield><datafield ind1=" " ind2="0" tag="651"><subfield code="a">Nashville (Tenn.)</subfield><subfield code="v">Newspapers.</subfield></datafield><datafield ind1=" " ind2="7" tag="651"><subfield code="a">Tennessee</subfield><subfield code="z">Davidson County.</subfield><subfield code="2">fast</subfield><subfield code="0">(OCoLC)fst01205346</subfield></datafield><datafield ind1=" " ind2="7" tag="651"><subfield code="a">Tennessee</subfield><subfield code="z">Nashville.</subfield><subfield code="2">fast</subfield><subfield code="0">(OCoLC)fst01204195</subfield></datafield><datafield ind1=" " ind2="7" tag="655"><subfield code="a">Newspapers.</subfield><subfield code="2">fast</subfield><subfield code="0">(OCoLC)fst01423814</subfield></datafield><datafield ind1=" " ind2=" " tag="752"><subfield code="a">United States</subfield><subfield code="b">Tennessee</subfield><subfield code="c">Davidson</subfield><subfield code="d">Nashville.</subfield></datafield><datafield ind1="1" ind2=" " tag="775"><subfield code="t">National banner and Nashville daily advertiser</subfield><subfield code="w">(DLC)sn 86071170</subfield><subfield code="w">(OCoLC)13228083</subfield></datafield><datafield ind1="1" ind2=" " tag="775"><subfield code="t">National banner and Nashville Whig (Nashville, Tenn. : Weekly)</subfield><subfield code="w">(DLC)sn 85038511</subfield></datafield><datafield ind1="1" ind2=" " tag="775"><subfield code="t">National banner (Nashville, Tenn. : 1829 : Weekly)</subfield><subfield code="w">(DLC)sn 85033691</subfield><subfield code="w">(OCoLC)12190469</subfield></datafield><datafield ind1="0" ind2="7" tag="785"><subfield code="t">Nashville Republican (Nashville, Tenn. : Triweekly)</subfield><subfield code="w">(DLC)sn 86053523</subfield><subfield code="w">(OCoLC)13783382</subfield></datafield><datafield ind1="0" ind2="7" tag="785"><subfield code="t">Daily Republican banner</subfield><subfield code="w">(DLC)sn 84024451</subfield><subfield code="w">(OCoLC)11016048</subfield></datafield><datafield ind1="4" ind2="1" tag="856"><subfield code="3">09/16/1834 to 12/30/1836</subfield><subfield code="u">http://infoweb.newsbank.com/?db=EANX&amp;s_browseRef=decades/10FE7B40C25559E0/all.xml</subfield></datafield><datafield ind1="1" ind2=" " tag="029"><subfield code="a">AU@</subfield><subfield code="b">000020125061</subfield></datafield></record>